@comment{jabref-meta: databaseType:bibtex;}


@article{smith1987,
  author  = {Smith, J.},
  journal = {Photogrammetria},
  pages   = {47--56},
  title   = {Close range photogrammetry for analyzing distressed trees},
  volume  = {42},
  number  = {1},
  year    = {1987}
}

@article{michalis2008,
  author  = {P. Michalis and I. Dowman},
  journal = {Photogrammetric Engineering \& Remote Sensing},
  pages   = {303--309},
  title   = {A Generic Model for Along-Track Stereo Sensors Using Rigorous Orbit Mechanics},
  volume  = {74},
  number  = {3},
  year    = {2008}
}

@inbook{foerstner2016,
  address   = {Cham},
  author    = {F{\"o}rstner, W. and Wrobel, B.},
  publisher = {Springer Nature},
  title     = {Photogrammetric Computer Vision},
  year      = {2016}
}

@inproceedings{smith2000,
  author    = {J. Smith},
  booktitle = {Int. Arch. Photogramm. Remote Sens. Spatial Inf. Sci.},
  pages     = {456--469},
  title     = {Remote sensing to predict volcano outbursts},
  volume    = {XXVII-B1},
  year      = {2000}
}

@article{maas2017,
  author  = {Maas, A. and Rottensteiner, F. and Heipke, C.},
  journal = {ISPRS Ann. Photogramm. Remote Sens. Spatial Inf. Sci.},
  volume  = {IV-1/W1},
  pages   = {215--222},
  url     = {doi.org/10.5194/isprs-annals-IV-1-W1-215-2017},
  title   = {Classification under label noise using outdated maps},
  year    = {2017}
}

@article{chan2017,
  author  = {K. L. Chan and K. Qin},
  journal = {Int. Arch. Photogramm. Remote Sens. Spatial Inf. Sci.},
  volume  = {XLII-2/W7},
  pages   = {29--36},
  url     = {doi.org/10.5194/isprs-archives-XLII-2-W7-29-2017},
  title   = {Biomass burning related pollution and their contributions to the air quality in Hong Kong},
  year    = {2017}
}

@misc{dubayah2013,
  author       = {Dubayah, R.O. and Swatantran, A. and Huang, W. and Duncanson, L. and Trang, H. and Johnson, K. and Dunne, J.O. and Hurtt, G.C.},
  howpublished = {ORNL DAAC, Oak Ridge, Tennessee, USA. doi.org/10.3334/ORNLDAAC/1523},
  title        = {{CMS: LiDAR-derived Biomass, Canopy Height and Cover, Sonoma County, California, 2013}},
  year         = {2017}
}

@misc{grass2017,
  author       = {{GRASS Development Team}},
  howpublished = {Open Source Geospatial Foundation. grass.osgeo.org (20 September 2017)},
  title        = {{Geographic Resources Analysis Support System (GRASS) Software}},
  year         = {2017}
}

@misc{grass2015,
  author       = {{GRASS Development Team}},
  howpublished = {Open Source Geospatial Foundation. grass.osgeo.org (1 June 2017)},
  title        = {{Geographic Resources Analysis Support System (GRASS) Software, Version 6.4}},
  year         = {2015}
}

@misc{lennert2017,
  author       = {Lennert, M. and {GRASS Development Team}},
  howpublished = {Open Source Geospatial Foundation. grass.osgeo.org/grass7/manuals/addons/i.segment.stats.html (1 June 2017)},
  title        = {{Addon i.segment.stats. Geographic Resources Analysis Support System (GRASS) Software, Version 7.2}},
  year         = {2017}
}


@misc{gago2016,
  author       = {Gago-Silva, A.},
  howpublished = {doi.org/10.6084/m9.figshare.3188950},
  title        = {{GRASS GIS in Grid Environment}},
  year         = {2016}
}

@misc{smith1987rep,
  author       = {Smith, J.},
  howpublished = {Report KRL-01234, Kennedy Research Laboratories, Arlington, VA, USA.},
  title        = {{Economic printing of color orthophotos}},
  year         = {1987}
}





@inproceedings{kersten_scanner,
  author     = {Kersten, Thomas and Przybilla, Heinz-J체rgen and Lindstaedt, Maren and Tschirschwitz, Felix and Misgaiski-Hass, Martin},
  year       = {2016},
  pages      = {271--287},
  title      = {{Genauigkeitsuntersuchungen handgef체hrter Scannersysteme}},
  booktitle  = {Dreil채ndertagung der DGPF, der OVG und der SGPF},
  volume     = {25},
  url        = {https://www.dgpf.de/src/tagung/jt2016/proceedings/band_25/dgpf_tagungsband_2016.pdf},
  opt_editor = {Kersten, Thomas},
  address    = {Bern, Schweiz},
  publisher  = {Deutsche Gesellschaft f체r Photogrammetrie, Fernerkundung und Geoinformation e.V.}
}


@misc{raspicamdatasheet,
  title        = {{Raspberry Pi Documentation - Camera}},
  year         = {2023},
  author       = {{Raspberry Pi Foundation}},
  howpublished = {Raspberry Pi Foundation. https://www.raspberrypi.com/documentation/accessories/ camera.html, 26 September 2024}
}